<?xml version="1.0" encoding="UTF-8"?><collection xmlns="http://www.loc.gov/MARC21/slim"><record><leader>00542nam--2200181-i-4500</leader><controlfield tag="001">000037266</controlfield><controlfield tag="002">20161230</controlfield><controlfield tag="005">20161230201041</controlfield><controlfield tag="008">060222s1000------------r-----000-0-eng-d</controlfield><datafield ind1=" " ind2=" " tag="040"><subfield code="a">IFIN-HH</subfield></datafield><datafield ind1=" " ind2=" " tag="080"><subfield code="a">531.01(082.2)</subfield></datafield><datafield ind1="1" ind2=" " tag="110"><subfield code="a">Academie Polonaise des Sciences</subfield></datafield><datafield ind1="1" ind2="0" tag="245"><subfield code="a">Problemes non-lineaires de mecanique. symposium franco-polonais, cracovie 1977</subfield></datafield><datafield ind1=" " ind2=" " tag="260"><subfield code="a">Varsovie, Academie Polonaise Des Sciences, 1980,</subfield></datafield><datafield ind1=" " ind2=" " tag="300"><subfield code="a">649P</subfield></datafield><datafield ind1=" " ind2=" " tag="490"><subfield code="a">Serie De Mecanique Appliques</subfield></datafield><datafield ind1=" " ind2=" " tag="852"><subfield code="a">48384</subfield><subfield code="c">531</subfield></datafield><datafield ind1=" " ind2=" " tag="CAT"><subfield code="a">Sys</subfield><subfield code="c">20100630</subfield><subfield code="h">114444</subfield></datafield></record></collection>